@book{lunn2012bugs,
  title={The BUGS book: A practical introduction to Bayesian analysis},
  author={Lunn, David and Jackson, Chris and Best, Nicky and Thomas, Andrew and Spiegelhalter, David},
  year={2012},
  publisher={CRC press}
}

