@book{DanielsM.J2008Mdil,
series = {Monographs on statistics and applied probability (Series) ; 109},
publisher = {Chapman & Hall/CRC},
isbn = {9781584886099},
year = {2008},
title = {Missing data in longitudinal studies: strategies for Bayesian modeling and sensitivity analysis},
language = {eng},
address = {Boca Raton ; London},
author = {Daniels, M. J. and Hogan, J. W.},
keywords = {Missing observations (Statistics); Longitudinal method; Sensitivity theory (Mathematics); Bayesian statistical decision theory -- Research},
lccn = {2007040408},
}
