@book{Harrer:2020,
 author = {Harrer, M. and Cuijpers, P. and Furukawa, T.A and Ebert, D},
 doi = {10.5281},
 publisher = {GitBook},
 title = {Doing Meta-Analysis in R: A Hands-on Guide},
 url = {https://bookdown.org/MathiasHarrer/Doing_Meta_Analysis_in_R},
 year = {2020}
}
