@incollection{Gabrioetal:2019,
 address = {Oxford, UK},
 author = {Gabrio, A and Baio, G and Manca, A},
 booktitle = {Oxford Encyclopedia of Health Economics},
 doi = {10.1093/acrefore/9780190625979.013.451},
 editor = {Jones, A et al},
 publisher = {Oxford University Press},
 title = {Bayesian Statistical Economic Evaluation Methods for Health Technology Assessment},
 year = {2019}
}

