@book{briggs2006decision,
  title={Decision modelling for health economic evaluation},
  author={Briggs, Andrew and Sculpher, Mark and Claxton, Karl},
  year={2006},
  publisher={Oup Oxford}
}

