@article{dias2013evidence,
  title={Evidence synthesis for decision making 1: introduction},
  author={Dias, Sofia and Welton, Nicky J and Sutton, Alex J and Ades, AE},
  journal={Medical decision making},
  volume={33},
  number={5},
  pages={597--606},
  year={2013},
  publisher={Sage Publications Sage CA: Los Angeles, CA}
}