@book{Baioetal:2016,
 address = {New York, NY},
 author = {Baio, G and Berardi, A and Heath, A},
 doi = {10.1007/978-3-319-55718-2},
 isbn = {978-3-319-55718-2},
 month = {Jul},
 publisher = {Springer},
 title = {Bayesian Cost-Effectiveness Analysis with the R package BCEA},
 url = {http://www.springer.com/us/book/9783319557168},
 year = {2017}
}

