@book{gromelund,
  title={Hands-on programming with R},
  author={Grolemund, Garrett},
  year={2014},
  publisher={"O'Reilly Media, Inc."},
  url = {https://rstudio-education.github.io/hopr/}
}
