@book{spiegelhalter2004bayesian,
  title={Bayesian approaches to clinical trials and health-care evaluation},
  author={Spiegelhalter, David J and Abrams, Keith R and Myles, Jonathan P},
  volume={13},
  year={2004},
  publisher={John Wiley \& Sons}
}
