@article{Baio:notes,
   author = {Gianluca Baio},
   title = {Introduction to statistical concepts},
   journal = {},
   volume = {},
   number = {},
   year = {2022},
   keywords = {},
   abstract = {},
   issn = {},
   pages = {},
   doi = {},
   url = {https://gianluca.statistica.it/teaching/intro-stats/}
}

